<record><leader>00000cas a22000007a 4500</leader><controlfield tag="001">1566325</controlfield><controlfield tag="008">750824d18901895mnuwr ne      0    0eng d</controlfield><datafield ind1=" " ind2=" " tag="010"><subfield code="a">sn 89064697 </subfield></datafield><datafield ind1=" " ind2=" " tag="040"><subfield code="a">MUL</subfield><subfield code="b">eng</subfield><subfield code="c">MUL</subfield><subfield code="d">OCL</subfield><subfield code="d">MN#</subfield><subfield code="d">OCLCQ</subfield><subfield code="d">OCLCF</subfield><subfield code="d">OCLCO</subfield></datafield><datafield ind1=" " ind2=" " tag="042"><subfield code="a">msc</subfield></datafield><datafield ind1=" " ind2=" " tag="043"><subfield code="a">n-us-mn</subfield></datafield><datafield ind1=" " ind2=" " tag="052"><subfield code="a">4144</subfield><subfield code="b">D6</subfield></datafield><datafield ind1=" " ind2=" " tag="052"><subfield code="a">4143</subfield><subfield code="b">B2</subfield></datafield><datafield ind1="0" ind2=" " tag="130"><subfield code="a">Detroit free press (Detroit, Minn.)</subfield></datafield><datafield ind1="1" ind2="4" tag="245"><subfield code="a">The Detroit free press.</subfield></datafield><datafield ind1=" " ind2=" " tag="260"><subfield code="a">Detroit, Becker County, Minn. :</subfield><subfield code="b">C.C. Knappen,</subfield><subfield code="c">-1895.</subfield></datafield><datafield ind1=" " ind2=" " tag="310"><subfield code="a">Weekly</subfield></datafield><datafield ind1="1" ind2=" " tag="362"><subfield code="a">Began in Dec. 1890.</subfield></datafield><datafield ind1="0" ind2=" " tag="362"><subfield code="a">-v. 5, no. 26 (June 7, 1895).</subfield></datafield><datafield ind1=" " ind2=" " tag="530"><subfield code="a">Available on microfilm from the Minnesota Historical Society.</subfield></datafield><datafield ind1=" " ind2=" " tag="588"><subfield code="a">Description based on: Vol. 4, no. 12 (Mar. 2, 1894).</subfield></datafield><datafield ind1=" " ind2="0" tag="651"><subfield code="a">Detroit Lakes (Minn.)</subfield><subfield code="v">Newspapers.</subfield></datafield><datafield ind1=" " ind2="7" tag="655"><subfield code="a">Newspapers.</subfield><subfield code="2">fast</subfield><subfield code="0">(OCoLC)fst01423814</subfield></datafield><datafield ind1=" " ind2="7" tag="651"><subfield code="a">Minnesota</subfield><subfield code="z">Detroit Lakes.</subfield><subfield code="2">fast</subfield><subfield code="0">(OCoLC)fst01220188</subfield></datafield><datafield ind1=" " ind2=" " tag="752"><subfield code="a">United States</subfield><subfield code="b">Minnesota</subfield><subfield code="c">Becker</subfield><subfield code="d">Detroit.</subfield></datafield><datafield ind1="0" ind2="4" tag="785"><subfield code="t">Detroit record</subfield><subfield code="w">(DLC)sn 89064698</subfield></datafield></record>